@comment{

inproceedings{
  author    = {Paper Authors}
  title     = {Paper Name},
  booktitle = {Conference Full/Abbr Name},
  address   = {Conference Venue},
  pages     = {},
  year      = {YYYY},
  url       = {},
}

OR

inproceedings{
  author    = {Paper Authors}
  title     = {Paper Name},
  booktitle = {Conference Full/Abbr Name},
  pages     = {},
  crossref  = {proceedings},
}

}

@inproceedings{LalR08,
  author    = {Akash Lal and
               Thomas W. Reps},
  title     = {Reducing Concurrent Analysis Under a Context Bound to Sequential
               Analysis},
  booktitle = {Proc. {CAV}'08},
  pages     = {37--51},
  crossref  = {cav2008},
}

@inproceedings{ClarkeJS05,
  author    = {Edmund M. Clarke and
               Himanshu Jain and
               Nishant Sinha},
  title     = {Grand Challenge: Model Check Software},
  booktitle = {Proc. the {NATO} Advanced Research Workshop on Verification of
               Infinite State Systems with Applications to Security
               ({VISSAS} 2005)},
  address   = {Timi{\c{s}}oara, Rom{\^{a}}nia},
  pages     = {55--68},
  year      = {2005},
}

@inproceedings{BeyerK11,
  author    = {Dirk Beyer and
               M. Erkan Keremoglu},
  title     = {{CPA}checker: {A} Tool for Configurable Software Verification},
  booktitle = {Proc. {CAV}'11},
  address   = {Snowbird, UT, USA},
  pages     = {184--190},
  year      = {2011},
}

@inproceedings{LoweMW14,
  author    = {Stefan L{\"{o}}we and
               Mikhail Mandrykin and
               Philipp Wendler},
  title     = {CPAchecker with Sequential Combination of Explicit-Value Analyses
               and Predicate Analyses - (Competition Contribution)},
  booktitle = {Proc. {TACAS}'14},
  pages     = {392--394},
  crossref  = {tacas2014},
}

@inproceedings{DanglLW15,
  author    = {Matthias Dangl and
               Stefan L{\"{o}}we and
               Philipp Wendler},
  title     = {{CPAchecker} with Support for Recursive Programs and
               Floating-Point Arithmetic - (Competition Contribution)},
  booktitle = {Proc. {TACAS}'15},
  pages     = {423--425},
  crossref  = {tacas2015},
}

@inproceedings{ErmisNDHP14,
  author    = {Evren Ermis and
               Alexander Nutz and
               Daniel Dietsch and
               Jochen Hoenicke and
               Andreas Podelski},
  title     = {{Ultimate Kojak} - (Competition Contribution)},
  booktitle = {Proc. {TACAS}'14},
  pages     = {421--423},
  crossref  = {tacas2014},
}

@inproceedings{BallR01,
  author    = {Thomas Ball and
               Sriram K. Rajamani},
  title     = {The {SLAM} Toolkit},
  booktitle = {Proc. {CAV}'01},
  address   = {Paris, France},
  pages     = {260-264},
  year      = {2001},
}

@inproceedings{AlbarghouthiGC12,
  author    = {Aws Albarghouthi and
               Arie Gurfinkel and
               Marsha Chechik},
  title     = {\textsc{Whale}: {An} Interpolation-Based Algorithm for Inter-procedural
               Verification},
  booktitle = {Proc. {VMCAI}'12},
  address   = {Philadelphia, PA, USA},
  pages     = {39-55},
  year      = {2012},
}

@inproceedings{HeizmannCDEHLNSP13,
  author    = {Matthias Heizmann and
               J{\"u}rgen Christ and
               Daniel Dietsch and
               Evren Ermis and
               Jochen Hoenicke and
               Markus Lindenmann and
               Alexander Nutz and
               Christian Schilling and
               Andreas Podelski},
  title     = {{Ultimate Automizer} with {SMTInterpol} - (Competition
               Contribution)},
  booktitle = {Proc. {TACAS}'13},
  address   = {Rome, Italy},
  pages     = {641-643},
  year      = {2013},
}

@inproceedings{RepsHS95,
  author    = {Thomas W. Reps and
               Susan Horwitz and
               Shmuel Sagiv},
  title     = {Precise Interprocedural Dataflow Analysis via Graph Reachability},
  booktitle = {Proc. {POPL}'95},
  address   = {San Francisco, CA, USA},
  pages     = {49-61},
  year      = {1995},
}

@inproceedings{AlbarghouthiLGC12,
  author    = {Aws Albarghouthi and
               Yi Li and
               Arie Gurfinkel and
               Marsha Chechik},
  title     = {\textsc{Ufo}: {A} Framework for Abstraction- and
               Interpolation-Based Software Verification},
  booktitle = {Proc. {CAV}'12},
  address   = {Berkeley, CA, USA},
  pages     = {672-678},
  year      = {2012},
}

@inproceedings{ClarkeKL04,
  author    = {Edmund M. Clarke and
               Daniel Kroening and
               Flavio Lerda},
  title     = {A Tool for Checking {ANSI-C} Programs},
  booktitle = {Proc. {TACAS}'04},
  address   = {Barcelona, Spain},
  pages     = {168-176},
  year      = {2004},
}

@inproceedings{CousotCFMMMR05,
  author    = {Patrick Cousot and
               Radhia Cousot and
               J{\'{e}}r{\^{o}}me Feret and
               Laurent Mauborgne and
               Antoine Min{\'{e}} and
               David Monniaux and
               Xavier Rival},
  title     = {The {ASTRE{\'{E}}} Analyzer},
  booktitle = {Proc. {ESOP}'05},
  address   = {Edinburgh, UK},
  pages     = {21-30},
  year      = {2005},
}

@inproceedings{CuoqKKPSY12,
  author    = {Pascal Cuoq and
               Florent Kirchner and
               Nikolai Kosmatov and
               Virgile Prevosto and
               Julien Signoles and
               Boris Yakobowski},
  title     = {{Frama-C}: {A} Software Analysis Perspective},
  booktitle = {Proc. {SEFM}'12},
  address   = {Thessaloniki, Greece},
  pages     = {233-247},
  year      = {2012},
}

@inproceedings{BallR00,
  author    = {Thomas Ball and
               Sriram K. Rajamani},
  title     = {Bebop: {A} Symbolic Model Checker for Boolean Programs},
  booktitle = {Proc. SPIN},
  address   = {Stanford, CA, USA},
  pages     = {113-130},
  year      = {2000},
}

@inproceedings{Oheimb99,
  author    = {David von Oheimb},
  title     = {Hoare Logic for Mutual Recursion and Local Variables},
  booktitle = {Proc. FSTTCS},
  address   = {Chennai, India},
  pages     = {168-180},
  year      = {1999},
}

@inproceedings{svcomp14,
  author    = {Dirk Beyer},
  title     = {Status Report on Software Verification - (Competition Summary
               {SV-COMP} 2014)},
  booktitle = {Proc. {TACAS}'14},
  pages     = {373--388},
  crossref  = {tacas2014},
  url       = {http://sv-comp.sosy-lab.org/2014/}
}

@inproceedings{svcomp15,
  author    = {Dirk Beyer},
  title     = {Software Verification and Verifiable Witnesses - (Report on
               {SV-COMP} 2015)},
  booktitle = {Proc. {TACAS}'15},
  pages     = {401--416},
  crossref  = {tacas2015},
  url       = {http://sv-comp.sosy-lab.org/2015/},
}

@inproceedings{NeculaMRW02,
  author    = {George C. Necula and
               Scott McPeak and
               Shree Prakash Rahul and
               Westley Weimer},
  title     = {{CIL}: {Intermediate} Language and Tools for Analysis and
               Transformation of {C} Programs},
  booktitle = {Proc. {CC}'02},
  address   = {Grenoble, France},
  pages     = {213--228},
  year      = {2002},
}

@inproceedings{TanA06,
  author    = {Gang Tan and
               Andrew W. Appel},
  title     = {A Compositional Logic for Control Flow},
  booktitle = {Proc. {VMCAI}'06},
  address   = {Charleston, SC, USA},
  pages     = {80--94},
  year      = {2006},
}

@inproceedings{Reynolds02,
  author    = {John C. Reynolds},
  title     = {{Separation Logic}: {A} Logic for Shared Mutable Data Structures},
  booktitle = {Proc. {LICS}'02},
  address   = {Copenhagen, Denmark},
  pages     = {55--74},
  year      = {2002},
}

@inproceedings{MagillTLT08,
  author    = {Stephen Magill and
               Ming{-}Hsien Tsai and
               Peter Lee and
               Yih{-}Kuen Tsay},
  title     = {{THOR}: {A} Tool for Reasoning about Shape and Arithmetic},
  booktitle = {Proc. {CAV}'08},
  pages     = {428--432},
  crossref  = {cav2008},
}

@inproceedings{ChenHTWW14,
  author    = {Yu{-}Fang Chen and
               Chiao Hsieh and
               Ming{-}Hsien Tsai and
               Bow{-}Yaw Wang and
               Farn Wang},
  title     = {Verifying Recursive Programs Using Intraprocedural Analyzers},
  booktitle = {Proc. {SAS}'14},
  address   = {Munich, Germany},
  pages     = {118--133},
  year      = {2014},
}

@inproceedings{ChenHTWW15,
  author    = {Yu{-}Fang Chen and
               Chiao Hsieh and
               Ming{-}Hsien Tsai and
               Bow{-}Yaw Wang and
               Farn Wang},
  title     = {{CPArec}: {Verifying} Recursive Programs via Source-to-Source
               Program Transformation - (Competition Contribution)},
  booktitle = {Proc. {TACAS}'15},
  pages     = {426--428},
  crossref  = {tacas2015},
}

