@comment{
proceedings{
  title     = {Conference Full Name},
  address   = {Conference Venue},
  year      = {YYYY},
}

}

@proceedings{tacas2014,
  title     = {Proc. 20th Int. Conf. Tools and Algorithms for the Construction
               and Analysis of Systems ({TACAS}'14)},
  address   = {Grenoble, France},
  year      = {2014},
}

@proceedings{tacas2015,
  title     = {Proc. 21st Int. Conf. Tools and Algorithms for the Construction
               and Analysis of Systems ({TACAS}'15)},
  address   = {London, UK},
  year      = {2015},
}

@proceedings{cav2008,
  title     = {Proc. 20th Int. Conf. Computer Aided Verification ({CAV}'08)},
  address   = {Princeton, NJ, USA},
  year      = {2008},
}
