
@comment{
inproceedings{
  author    = {},
  title     = {},
  journal   = {},
  volume    = {},
  number    = {},
  pages     = {},
  month     = aug,
  year      = {},
}
}

@article{Valiant84,
  author 	= {Leslie G. Valiant},
  title 	= {A theory of the learnable},
  journal 	= {Communications of the ACM},
  volume 	= {27},
  number	= {11},
  pages 	= {1134--1142},
  month		= nov,
  year 		= {1984},
}

@article{RivestS93,
  author	= {Ronald L. Rivest
			   and Robert E. Schapire},
  title		= {Inference of finite automata using homing sequences },
  journal	= {Information and Computation},
  volume	= {103},
  number 	= {2},
  pages 	= {299--347},
  month 	= apr,
  year 		= {1993},
}

@article{Angluin88,
  author	= {Dana Angluin},
  title 	= {Queries and concept learning},
  journal	= {Machine Learning}, 
  volume	= {2},
  number 	= {4},
  pages		= {319--342},
  month 	= apr,
  year 		= {1988},
}

@article{Angluin87,
  author	= {Dana Angluin},
  title		= {Learning regular sets from queries and counterexamples},
  journal	= {Information and Computation},
  volume	= {75},
  number	= {2},
  pages		= {87--106},
  month		= nov,
  year		= {1987},
}

@article{GoldreichGR98,
  author	= {Oded Goldreich and
			   Shari Goldwasser and 
			   Dana Ron},			 
  title 	= {Property testing and its connection to learning and approximation},
  journal 	= {Journal of {ACM}},
  volume 	= {45},
  number 	= {4},
  pages 	= {653--750},
  month		= jul,
  year 		= {1998},
}

@article{ZulianiPC13,
  author    = {Paolo Zuliani and 
			   Andr\'e Platzer and 
			   Edmund M. Clarke},
  title     = {Bayesian statistical model checking with application to {S}tateflow/{S}imulink verification},
  journal	= {Formal Methods in System Design},
  volume 	= {43},
  number 	= {2},
  pages     = {338--367},
  month 	= oct,
  year      = {2013},
}