@book{NielsonHC99,
  author    = {Flemming Nielson and
               Hanne Riis Nielson and
               Chris Hankin},
  title     = {Principles of Program Analysis},
  address   = {Secaucus, NJ, USA},
  publisher = {Springer-Verlag},
  year      = {1999},
}

@book{NielsonN07,
  author    = {Hanne Riis Nielson and
               Flemming Nielson},
  title     = {Semantics with Applications: {An} Appetizer},
  series    = {Undergraduate Topics in Computer Science},
  address   = {London, UK},
  publisher = {Springer-Verlag},
  year      = {2007},
}

@book{KearnsV94,
  author 	= {Michael J. Kearns
			   and Umesh Virkumar Vazirani},
  title 	= {An Introduction to Computational Learning Theory},
  address	= {Cambridge, MA, USA},
  publisher	= {MIT Press},
  year 		= {1994},
}