@comment{
electronic{
  title        = {},
  year         = {},
  organization = {},
  url          = {},
}
}


@electronic{cil,
  title        = {C {I}ntermediate {L}anguage},
  year         = {2016},
  organization = {},
  url          = {http://kerneis.github.io/cil/},
}

@electronic{cbmc,
  title        = {{CBMC}},
  year         = {2016},
  organization = {},
  url          = {http://www.cprover.org/cbmc/},
}

@electronic{cpachecker,
  title        = {{CPA}checker},
  year         = {2016},
  organization = {},
  url          = {http://cpachecker.sosy-lab.org/},
}

@electronic{seahorn,
  title 		= {{S}ea{H}orn},
  year 			= {2016},
  organization	= {},
  url			= {https://bitbucket.org/lememta/seahorn/wiki/Home},
}

@electronic{predator,
	title 			= {{P}redator},
	year 			= {2016},
	organization	= {},
	url				= {http://www.fit.vutbr.cz/research/groups/verifit/tools/predator/},
}

@electronic{crest,
	title 			= {{C}rest},
	year 			= {2014},
	organization	= {},
	url				= {http://www.burn.im/crest/},
}

@electronic{libalf,
	title 			= {lib{ALF}},
	year 			= {2011},
	organization 	= {},
	url 			= {http://libalf.informatik.rwth-aachen.de/},
}

@electronic{libamore++,
	title 			= {lib{AM}o{RE}++},
	year 			= {2011},
	organization 	= {},
	url 			= {http://libalf.informatik.rwth-aachen.de/},
}