@comment{

inproceedings{
  author    = {Paper Authors}
  title     = {Paper Name},
  booktitle = {Conference Full/Abbr Name},
  address   = {Conference Venue},
  pages     = {},
  year      = {YYYY},
  url       = {},
}

OR

inproceedings{
  author    = {Paper Authors}
  title     = {Paper Name},
  booktitle = {Conference Full/Abbr Name},
  pages     = {},
  crossref  = {proceedings},
}

}

@inproceedings{graphml,
  author 	= {Ulrik Brandes and 
			   Markus Eiglsperger and 
			   Ivan Herman and 
			   Michael Himsolt and 
			   M. Scott Marshall},
  title 	= {Graph{ML} progress report structural layer proposal},
  booktitle = {Graph Drawing},
  pages 	= {501--512},
  year 		= {2002},
}

@inproceedings{svcomp15,
  author 	= {Dirk Beyer},
  title 	= {Software Verification and Verifiable Witnesses},
  booktitle	= {Proc. of {TACAS}'15},
  pages 	= {401--416},
  crossref 	= {tacas2015},
  url 		= {https://sv-comp.sosy-lab.org/2015/},
}

@inproceedings{svcomp16,
  author 	= {Dirk Beyer},
  title 	= {Reliable and reproducible competition results with {B}ench{E}xec and witnesses (report on {SV-COMP} 2016)},
  booktitle = {Proc. of {TACAS}'16},
  pages 	= {887--904},
  crossref 	= {tacas2016},
  url		= {https://sv-comp.sosy-lab.org/2016/},
}

@inproceedings{GodefroidKS05,
  author	= {Patrice Godefroid and 
			   Nils Klarlund and
			   Koushik Sen},
  title 	= {{DART}: directed automated random testing},
  booktitle	= {Proc. of {PLDI}'05},
  pages 	= {213--223},
  year 		= {2005},
}

@inproceedings{BeyerK11,
	author    = {Dirk Beyer and
	M. Erkan Keremoglu},
	title     = {{CPA}checker: {A} Tool for Configurable Software Verification},
	booktitle = {Proc. {CAV}'11},
	address   = {Snowbird, UT, USA},
	pages     = {184--190},
	year      = {2011},
}

@inproceedings{BolligKKLNP10,
  author 	= {Benedikt Bollig and
			   Joost{-}Pieter Katoen and
			   Carsten Kern and 
			   Martin Leucker and 
			   Daniel Neider and 
			   David Rasmus Piegdon},
  title 	= {{l}ib{ALF}: the automata learning framework},
  booktitle	= {Proc. of {CAV}'10},
  pages 	= {360--364},
  year 		= {2010},	
}

@inproceedings{GurfinkelKKN15,
  author 	= {Arie Gurfinkel and
			   Temesghen Kahsei and 
			   Anvesh Komuravelli and 
			   Jorge A. Navas},
  title 	= {The {S}ea{H}orn verification framework},
  booktitle = {Proc. of {CAV}'15},
  pages  	= {343--361},
  year 		= {2015},
}

@inproceedings{DudkaPV11,
  author 	= {Kamil Dudka and
			   Petr Peringer and
			   Tom\'{a}\v{s} Vojnar},
  title 	= {Predator: a practical tool for checking manipulation of dynamic data structures using seperation logic},
  booktitle = {Proc. of {CAV}'11},
  pages 	= {372--378},
  year 		= {2011},
}

@inproceedings{NeculaMRW02,
	author    = {George C. Necula and
	Scott McPeak and
	Shree Prakash Rahul and
	Westley Weimer},
	title     = {{CIL}: {Intermediate} Language and Tools for Analysis and
	Transformation of {C} Programs},
	booktitle = {Proc. {CC}'02},
	address   = {Grenoble, France},
	pages     = {213--228},
	year      = {2002},
}

@inproceedings{SenMA05,
  author 	= {Koushik Sen and
			   Darko Marinov and
			   Gul Agha},
  title		= {{CUTE}: a concolic unit testing engine for {C}},
  booktitle	= {Proc. of {FSE}'05},
  pages 	= {263--272},
  year 		= {2005},
}

@inproceedings{BurnimS08,
  author	= {Jacob Burnim and
			   Koushik Sen},
  title 	= {Heuristics for scalable dynamic test generation},
  booktitle	= {Proc. of {ASE}'08},
  pages 	= {443--446},
  year		= {2008},
}

@inproceedings{ClarkeKL04,
	author    = {Edmund M. Clarke and
	Daniel Kroening and
	Flavio Lerda},
	title     = {A Tool for Checking {ANSI-C} Programs},
	booktitle = {Proc. {TACAS}'04},
	address   = {Barcelona, Spain},
	pages     = {168-176},
	year      = {2004},
}

@inproceedings{CobleighGP03,
  author	= {Jamieson M. Cobleigh and 
			   Dimitra Giannakopoulou and
			   Corina S. Pasareanu},
  title 	= {Learning assumptions for compositional verification},
  booktitle	= {Proc. of {TACAS}'03},
  pages 	= {331--346},
  year 		= {2003},
}

@inproceedings{ChenFCTW09,
  author	= {Yu{-}Fang Chen and
			   Azadeh Farzen and
			   Edmund M. Clarke and 
			   Yih{-}Kuen Tsay and
			   Bow{-}Yaw Wang},
  title 	= {Learning minimal seperating {DFA}'s for compositional verification},
  booktitle	= {Proc. of {TACAS}'09},
  pages 	= {31--45},
  year 		= {2009},
}

@inproceedings{BolligHKL09,
  author 	= {Benedikt Bollig and 
			   Peter Habermeh and
			   Carsten Kern and 
			   Martin Leucker},
  title		= {Angluin-style learning of {NFA}},
  booktitle	= {Proc. of {IJCAI}'09},
  pages		= {1004--1009},
  year 		= {2009},
}

@inproceedings{Walkinshaw11,
  author 	= {Neil Walkinshaw},
  title 	= {Assessing test adequacy for black-box systems without specifications},
  booktitle = {Proc. of {ICTSS}'11},
  pages 	= {209--224},
  year 		= {2011},
}

@inproceedings{ChapmanCKKST15,
  author 	= {Martin Chapman and
			   Hana Chockler and 
			   Pascal Kesseli and 
			   Daniel Kroening and 
			   Ofer Strichman and 
			   Michael Tautschnig},
  title		= {Learning the language of error},
  booktitle	= {Proc. of {ATVA}'15},
  pages 	= {114--130},
  year 		= {2015},
}

@inproceedings{LegayDB10,
  author    = {Axel Legay and 
			   Beno\^{\i}t Delahaye and 
			   Saddek Bensalem},
  title     = {Statistical model checking: An overview},
  booktitle = {Proc. of {RV}'10},
  pages     = {122--135},
  year      = {2010},
}

@inproceedings{SenVA04,
  author    = {Koushik Sen and 
			   Mahesh Viswanathan and 
			   Gul Agha},
  title     = {Statistical model checking of black-box probabilistic systems},
  booktitle = {Proc. of {CAV}'04},
  pages     = {202--215},
  year      = {2004},
}