@misc{MatzMPTV95,
  author	= {Oliver Matz and 
			   Axel Miller and
			   Adreas Potthoff and 
			   Wolfgang Thomas and 
			   Erich Valkema},
  title		= "Report on the program {AMoRE}",
  year 		= {1995},
}

@misc{svcomp2015,
  title 	= {Software verification competition 2015},
  year 	 	= {2015},
  note 		= {http://sv-comp.sosy-lab.org/2015/},
}